<?xml version="1.0" encoding="UTF-8"?><collection xmlns="http://www.loc.gov/MARC21/slim"><record><leader>00543nam--2200193-i-4500</leader><controlfield tag="001">000040803</controlfield><controlfield tag="002">20161230</controlfield><controlfield tag="005">20161230201042</controlfield><controlfield tag="008">060222s1000------------r-----000-0-eng-d</controlfield><datafield ind1=" " ind2=" " tag="020"><subfield code="a">0486614794</subfield></datafield><datafield ind1=" " ind2=" " tag="040"><subfield code="a">IFIN-HH</subfield></datafield><datafield ind1=" " ind2=" " tag="080"><subfield code="a">524.3</subfield></datafield><datafield ind1="1" ind2=" " tag="100"><subfield code="a">Schwarszschild,Martin</subfield></datafield><datafield ind1="1" ind2="0" tag="245"><subfield code="a">Structure and evolution of the stars</subfield><subfield code="c">Martin schwarszschild</subfield></datafield><datafield ind1=" " ind2=" " tag="260"><subfield code="a">New York</subfield><subfield code="b">Dover Publications,Inc</subfield><subfield code="c">1958</subfield></datafield><datafield ind1=" " ind2=" " tag="300"><subfield code="a">XVII + 296 P</subfield></datafield><datafield ind1=" " ind2=" " tag="490"><subfield code="a">Dover Books On Astronomy And Astrophysics</subfield></datafield><datafield ind1=" " ind2=" " tag="852"><subfield code="a">79535</subfield><subfield code="c">523</subfield></datafield><datafield ind1=" " ind2=" " tag="CAT"><subfield code="a">Sys</subfield><subfield code="c">20141210</subfield><subfield code="h">123625</subfield></datafield></record></collection>